<record><leader>00000cas a2200000 a 4500</leader><controlfield tag="001">41878465</controlfield><controlfield tag="008">990714d193919uucauwr ne      0    0eng c</controlfield><datafield ind1=" " ind2=" " tag="010"><subfield code="a">sn 99060650 </subfield></datafield><datafield ind1=" " ind2=" " tag="040"><subfield code="a">CNK</subfield><subfield code="b">eng</subfield><subfield code="c">CNK</subfield><subfield code="d">OCLCQ</subfield><subfield code="d">OCLCF</subfield><subfield code="d">OCLCO</subfield></datafield><datafield ind1=" " ind2=" " tag="042"><subfield code="a">pcc</subfield></datafield><datafield ind1=" " ind2=" " tag="043"><subfield code="a">n-us-ca</subfield></datafield><datafield ind1="0" ind2="0" tag="245"><subfield code="a">Paso Robles journal and Templeton advance.</subfield></datafield><datafield ind1=" " ind2=" " tag="260"><subfield code="a">Paso Robles, Calif. :</subfield><subfield code="b">J. Terry Davis</subfield></datafield><datafield ind1=" " ind2=" " tag="300"><subfield code="a">v.</subfield></datafield><datafield ind1=" " ind2=" " tag="310"><subfield code="a">Weekly</subfield></datafield><datafield ind1="0" ind2=" " tag="362"><subfield code="a">Vol. 1, no. 1 (Mar. 8, 1939)- = v. 37, no. 31-</subfield></datafield><datafield ind1=" " ind2=" " tag="500"><subfield code="a">"Paso Robles" appears in small type between "The" and "Journal"; "And Templeton Advance" appears in small type below "The Paso Robles Journal," &lt;Apr. 9, 1941-Feb. 11, 1942&gt;</subfield></datafield><datafield ind1=" " ind2="0" tag="651"><subfield code="a">Paso Robles (Calif.)</subfield><subfield code="v">Newspapers.</subfield></datafield><datafield ind1=" " ind2="0" tag="651"><subfield code="a">Templeton (Calif.)</subfield><subfield code="v">Newspapers.</subfield></datafield><datafield ind1=" " ind2="7" tag="655"><subfield code="a">Newspapers.</subfield><subfield code="2">fast</subfield><subfield code="0">(OCoLC)fst01423814</subfield></datafield><datafield ind1=" " ind2="7" tag="651"><subfield code="a">California</subfield><subfield code="z">Paso Robles.</subfield><subfield code="2">fast</subfield><subfield code="0">(OCoLC)fst01229203</subfield></datafield><datafield ind1=" " ind2="7" tag="651"><subfield code="a">California</subfield><subfield code="z">Templeton.</subfield><subfield code="2">fast</subfield><subfield code="0">(OCoLC)fst01231493</subfield></datafield><datafield ind1=" " ind2=" " tag="752"><subfield code="a">United States</subfield><subfield code="b">California</subfield><subfield code="c">San Luis Obispo</subfield><subfield code="d">Paso Robles.</subfield></datafield></record>